<?xml version="1.0" encoding="UTF-8"?><collection><record><leader>08087ntm a2200709 a 4500</leader><controlfield tag="001">006822780</controlfield><controlfield tag="003">MiAaHDL</controlfield><controlfield tag="005">20190719000000.0</controlfield><controlfield tag="006">m        d        </controlfield><controlfield tag="007">cr bn ---auaua</controlfield><controlfield tag="008">090624q17401770xx            00| ||ota d</controlfield><datafield tag="035" ind1=" " ind2=" "><subfield code="a">(MiU)006822780</subfield></datafield><datafield tag="035" ind1=" " ind2=" "><subfield code="a">sdr-miu006822780</subfield></datafield><datafield tag="040" ind1=" " ind2=" "><subfield code="a">MiU</subfield><subfield code="c">MiU</subfield><subfield code="e">amremm</subfield></datafield><datafield tag="041" ind1="0" ind2=" "><subfield code="a">ota</subfield></datafield><datafield tag="043" ind1=" " ind2=" "><subfield code="a">n-us-mi</subfield><subfield code="a">a-tu---</subfield></datafield><datafield tag="100" ind1="0" ind2=" "><subfield code="6">880-01</subfield><subfield code="a">Atıf Mehmet Emin Efendi,</subfield><subfield code="d">d. 1771?</subfield></datafield><datafield tag="245" ind1="1" ind2="0"><subfield code="6">880-03</subfield><subfield code="a">[Münşeat-i Atıf Efendi ... etc.,</subfield><subfield code="f">18th century].</subfield></datafield><datafield tag="260" ind1=" " ind2=" "><subfield code="c">[1740-1770].</subfield></datafield><datafield tag="300" ind1=" " ind2=" "><subfield code="a">94 leaves :</subfield><subfield code="b">paper ;</subfield><subfield code="c">220 x 125 (160 x 59) mm.</subfield></datafield><datafield tag="500" ind1=" " ind2=" "><subfield code="a">Shelfmark: Ann Arbor, University of Michigan, Special Collections Library, Isl. Ms. 420</subfield></datafield><datafield tag="500" ind1=" " ind2=" "><subfield code="a">Origin: Lacks dated colophon though decoration, hand, etc. would suggest 18th century and date of composition, author's dates and dated seal impressions [including one possibly for the author] would suggest mid to late 18th century. Hikaye-yi garibe likely added later.</subfield></datafield><datafield tag="500" ind1=" " ind2=" "><subfield code="a">Binding: Pasteboards (both now almost entirely delaminated) covered in dark red leather ; Type II binding (with flap, though now lost) ; doublures in dark brown leather, hinges and flyleaves in fine marbled paper (in red, dark blue, light blue-green), flyleaves gold-flecked ; upper and lower covers carry large stamped and gold-painted mandorla (filled with vegetal composition, compare Déroche class. OAi) and pendants accented with gold-painted strokes, as well as gold-painted and tooled borders in rows of s-shaped stamps defined by gold fillets ; sewn in dark blue thread, two stations ; worked chevron endbands in pink and yellow, damaged with headband virtually gone, tailband detaching ; overall in poor condition with boards delaminated to individual leaves, flap lost, cover detached from text block at spine, abrasion, lifting and losses of leather (upper cover, exposing boards, and spine in particular), staining, etc.</subfield></datafield><datafield tag="500" ind1=" " ind2=" "><subfield code="a">Support: non-European (likely Persian) laid paper of perhaps several types ; mainly with 8-9 laid lines per cm. (horizontal or vertical, curving, somewhat indistinct) and no chain lines plainly visible, cloudy formation, thin and trasluscent, well-sized and burnished ; another type with roughly 7 laid lines per cm. and chain lines in pairs (see p.186, etc.) ; some staining ; bifolium in each quire silver-flecked (see pp.85-86, 99-100, etc.).</subfield></datafield><datafield tag="500" ind1=" " ind2=" "><subfield code="a">Decoration: Exquisite illuminated headpiece (ʻunwān / sarlawḥ) at opening on p.4 consisting of rectangular piece with empty gold cartouche flanked by delicate floral designs on fields of gold and dark blue, surmounted by a w-shaped piece overlaid with similar swirling floral designs in light blue, pink, orange, gold, etc. on grounds of gold and dark blue / cobalt, itself surmounted by vertical stalks in dark blue with gold and red accents, all set in a well of heavy gold and black interlace with outermost pink band ; written area of opening work surrounded by a heavy gold frame defined by black fillets ; headings and some keywords rubricated ; textual dividers mainly in the form of inverted commas in red, though two exquisitely executed rosettes appear on incipit page (p.4).</subfield></datafield><datafield tag="500" ind1=" " ind2=" "><subfield code="a">Script: Nastaʻlīq (talik) ; two elegant Ottoman hands ; opening work (through p.125) a large, clear hand in a medium line, serifless with slight effect of words descending to baseline, some elongation and thickening of horizontal strokes, many open counters, pointing mainly in conjoined dots or strokes, bowl of final nūn wide with point set down within ; second work (pp.130-166) in a compact, delicate hand in a fine line, serifless with very slight effect of words descending to baseline, elongation of horizontal strokes, pointing mainly in conjoined dots or strokes, bowl of final nūn wide with point set down within.</subfield></datafield><datafield tag="500" ind1=" " ind2=" "><subfield code="a">Layout: Written in as many as 17 lines per page ; frame-ruled.</subfield></datafield><datafield tag="500" ind1=" " ind2=" "><subfield code="a">Collation: i, 6 V(60), V+1 (71), IV (79), III (85), IV+1 (94), i ; chiefly quinions ; final leaves left blank (pp.167-190) ; catchwords present ; lacunae (typically the space of a single line) left between sections of opening work, likely for rubricated headings ; pagination in pencil, Western numerals, supplied during digitization (includes flyleaves).</subfield></datafield><datafield tag="500" ind1=" " ind2=" "><subfield code="a">Incipit: [Münşeat] "كوكب درى سپهر علم وكمال خورشيد منير فلك عز وجلال مفتى الانام شيخ مشايخ الاسلام مرحوم ومغفور له درى محمد افندى حضرتلرينك ... انتظام احوال مكه مكرمه خبرينى متضمن شريف حضرتلرى طرفندن وارد اولان مكتوبك جوابنامه سيدر سلام المنان السبحانى المتلو بلسان سبحانى الذى تطمئن بذكره القلوب وتنزل من حضرات الغيوب ..." ; [Hikaye-yi garibe] "تاب اوران مرايى فهم وعقول وپرایه بندان غوانى روايات ونقول ..."</subfield></datafield><datafield tag="500" ind1=" " ind2=" "><subfield code="a">Title supplied by cataloguer from inscription on p.127.</subfield></datafield><datafield tag="500" ind1=" " ind2=" "><subfield code="a">Ms. composite codex.</subfield></datafield><datafield tag="505" ind1="0" ind2=" "><subfield code="a">4. p.167-p.190 : [blank].</subfield></datafield><datafield tag="505" ind1="0" ind2=" "><subfield code="a">3. p.130-p.166 : [Hikaye-yi garibe].</subfield></datafield><datafield tag="505" ind1="0" ind2=" "><subfield code="a">2. p.126-p.129 : [originally left blank].</subfield></datafield><datafield tag="505" ind1="0" ind2=" "><subfield code="a">1. p.4-p.125 : Münşeat-i Atıf Efendi / Atıf Mehmet Emin Efendi.</subfield></datafield><datafield tag="510" ind1="4" ind2=" "><subfield code="a">İz, Fahīr. "ḎH̲ihnī, Bayburtlu." In EI2,</subfield><subfield code="c">vol.II, p.223, col.2</subfield></datafield><datafield tag="510" ind1="4" ind2=" "><subfield code="a">Roemer, H.R. "Inshāʾ (inshā)." In EI2,</subfield><subfield code="c">vol. III, p.1241, col. 2</subfield></datafield><datafield tag="520" ind1="8" ind2=" "><subfield code="a">Elegant copy of what appears to be a collection of letters compiled by Atıf Mehmet Emin Efendi (d.1771) mainly while he served as secretary (mektupçu / مكتوبجى) for şeyhülislam Dürri Mehmet Efendi (d.1736) during the early part of the reign of Mahmut I (r.1730-1754), compare Isl. Ms. 856. Followed (in a later addition) by Hikaye-yi garibe.</subfield></datafield><datafield tag="538" ind1=" " ind2=" "><subfield code="a">Mode of access: Internet.</subfield></datafield><datafield tag="541" ind1=" " ind2=" "><subfield code="c">Purchase ;</subfield><subfield code="a">Acquired by purchase (funds donated by Horace Rackham).</subfield><subfield code="d">1924.</subfield></datafield><datafield tag="546" ind1=" " ind2=" "><subfield code="a">Ottoman Turkish.</subfield></datafield><datafield tag="561" ind1=" " ind2=" "><subfield code="a">Former owners' marks on 'title page' (p.3) include shahādah, ownership statement and oval seal impression (seemingly dated 1156 [1743 or 4]) in name of Mehmet Emin Atıf ( محمد امين عاطف ) [the author?], as well as ownership statement and oval seal impression (seemingly dated either 1159 [1746 or 7] or 1199 [1784 or 5]) in name of İbrahim Ethem ( ابرهيم ادهم ), another large oval seal impression and an effaced statement and seal impression ; on p.127, birth notice for Mehmet Ali ( محمد على ) dated 15 Muḥarram 1222 [ca. 25 March 1807] and signed Mehmet Salih Ağa ( محمد صالح اغا ) ; occasional glosses in second work.</subfield></datafield><datafield tag="600" ind1="0" ind2="0"><subfield code="a">Dürri Mehmet Efendi,</subfield><subfield code="d">d. 1736</subfield><subfield code="v">Correspondence.</subfield></datafield><datafield tag="650" ind1=" " ind2="0"><subfield code="a">Manuscripts, Turkish</subfield><subfield code="z">Michigan</subfield><subfield code="z">Ann Arbor.</subfield></datafield><datafield tag="650" ind1=" " ind2="0"><subfield code="a">Letter writing, Turkish</subfield><subfield code="y">18th century.</subfield></datafield><datafield tag="651" ind1=" " ind2="0"><subfield code="a">Turkish prose literature</subfield><subfield code="v">Early works to 1800.</subfield></datafield><datafield tag="651" ind1=" " ind2="0"><subfield code="a">Turkey</subfield><subfield code="x">History</subfield><subfield code="y">Mahmud I, 1730-1754</subfield><subfield code="v">Sources.</subfield></datafield><datafield tag="655" ind1=" " ind2="7"><subfield code="a">Headpieces (layout features)</subfield><subfield code="y">18th century.</subfield><subfield code="2">aat</subfield></datafield><datafield tag="700" ind1="0" ind2=" "><subfield code="a">Abdülhamid</subfield><subfield code="b">II,</subfield><subfield code="c">Sultan of the Turks,</subfield><subfield code="d">1842-1918,</subfield><subfield code="e">former owner.</subfield></datafield><datafield tag="700" ind1="0" ind2=" "><subfield code="6">880-09</subfield><subfield code="a">Mehmet Salih Ağa,</subfield><subfield code="d">fl. 1807,</subfield><subfield code="e">former owner.</subfield></datafield><datafield tag="700" ind1="0" ind2=" "><subfield code="6">880-08</subfield><subfield code="a">İbrahim Ethem,</subfield><subfield code="d">fl. 18th cent.,</subfield><subfield code="e">former owner.</subfield></datafield><datafield tag="700" ind1="0" ind2=" "><subfield code="6">880-07</subfield><subfield code="a">Mehmet Emin Atıf,</subfield><subfield code="d">fl. 1743,</subfield><subfield code="e">former owner.</subfield></datafield><datafield tag="740" ind1="0" ind2="2"><subfield code="6">880-06</subfield><subfield code="a">الحكاية الغريبة</subfield></datafield><datafield tag="740" ind1="0" ind2="2"><subfield code="6">880-05</subfield><subfield code="a">Hikaye-yi garibe</subfield></datafield><datafield tag="773" ind1="0" ind2=" "><subfield code="a">Abdul Hamid Collection.</subfield></datafield><datafield tag="880" ind1="0" ind2=" "><subfield code="6">700-09/</subfield><subfield code="a">محمد صالح اغا،</subfield><subfield code="e">مالك سابق.</subfield></datafield><datafield tag="880" ind1="0" ind2=" "><subfield code="6">700-08/</subfield><subfield code="a">ابراهيم ادهم،</subfield><subfield code="e">مالك سابق.</subfield></datafield><datafield tag="880" ind1="0" ind2=" "><subfield code="6">700-07/</subfield><subfield code="a">محمد امين عاطف،</subfield><subfield code="e">مالك سابق.</subfield></datafield><datafield tag="880" ind1="0" ind2="2"><subfield code="6">740-06/</subfield><subfield code="a">Ḥikāyah al-gharībah</subfield></datafield><datafield tag="880" ind1="0" ind2="2"><subfield code="6">740-05/</subfield><subfield code="a">حكايه غريبه</subfield></datafield><datafield tag="880" ind1="1" ind2="0"><subfield code="6">245-03/</subfield><subfield code="a">[منشآت عاطف افندى ... الخ,</subfield><subfield code="f">القرن 18م].</subfield></datafield><datafield tag="880" ind1="0" ind2=" "><subfield code="6">100-01/</subfield><subfield code="a">عاطف محمد امين افندى.</subfield></datafield><datafield tag="CID" ind1=" " ind2=" "><subfield code="a">006822780</subfield></datafield><datafield tag="DAT" ind1="0" ind2=" "><subfield code="a">20190719102640.0</subfield><subfield code="b">20190719000000.0</subfield></datafield><datafield tag="DAT" ind1="1" ind2=" "><subfield code="a">20190719090653.0</subfield><subfield code="b">2019-07-19T16:12:11Z</subfield></datafield><datafield tag="DAT" ind1="2" ind2=" "><subfield code="a">2015-10-02T18:00:03Z</subfield></datafield><datafield tag="CAT" ind1=" " ind2=" "><subfield code="a">SDR-MIU</subfield><subfield code="d">EX LIBRIS - ALEPH</subfield><subfield code="l">prepare.pl-004-008</subfield></datafield><datafield tag="FMT" ind1=" " ind2=" "><subfield code="a">BK</subfield></datafield><datafield tag="HOL" ind1=" " ind2=" "><subfield code="0">sdr-miu006822780</subfield><subfield code="a">MiU</subfield><subfield code="b">SDR</subfield><subfield code="c">MIU</subfield><subfield code="p">mdp.39015079130871</subfield><subfield code="s">MIU</subfield><subfield code="1">006822780</subfield></datafield><datafield tag="974" ind1=" " ind2=" "><subfield code="b">MIU</subfield><subfield code="c">MIU</subfield><subfield code="d">20190719</subfield><subfield code="s">lit-dlps-dc</subfield><subfield code="u">mdp.39015079130871</subfield><subfield code="y">1770</subfield><subfield code="r">pd</subfield><subfield code="q">bib</subfield><subfield code="t">non-US bib date2 &lt; 1879</subfield></datafield></record></collection>